@article{zdravkovich1997flow,
  title={Flow around circular cylinders; vol. i fundamentals},
  author={Zdravkovich, MM},
  journal={Journal of Fluid Mechanics},
  volume={350},
  number={1},
  pages={377--378},
  year={1997},
  publisher={Cambridge University Press}
}

