% Encoding: UTF-8
% !Mode:: "TeX:UTF-8"

@article{demartino2017aerodynamics,
	title={Aerodynamics of nominally circular cylinders: A review of experimental results for Civil Engineering applications},
	author={Demartino, Cristoforo and Ricciardelli, Francesco},
	journal={Engineering Structures},
	volume={137},
	pages={76--114},
	year={2017},
	publisher={Elsevier}
}

@Article{Sheikholeslami2017,
  author    = {Sheikholeslami, Mohsen},
  title     = {Influence of Lorentz forces on nanofluid flow in a porous cylinder considering Darcy model},
  journal   = {Journal of Molecular Liquids},
  year      = {2017},
  volume    = {225},
  pages     = {903--912},
  publisher = {Elsevier},
}

@Article{Rashidi2013,
  author    = {Rashidi, Saman and Tamayol, Ali and Valipour, Mohammad Sadegh and Shokri, Nima},
  title     = {Fluid flow and forced convection heat transfer around a solid cylinder wrapped with a porous ring},
  journal   = {International Journal of Heat and Mass Transfer},
  year      = {2013},
  volume    = {63},
  pages     = {91--100},
  publisher = {Elsevier},
}

@Article{Ellahi2011,
  author    = {Ellahi, Rahmat and Zeeshan, Ahmed and Vafai, Kambiz and Rahman, Hafiz U},
  title     = {Series solutions for magnetohydrodynamic flow of non-Newtonian nanofluid and heat transfer in coaxial porous cylinder with slip conditions},
  journal   = {Proceedings of the Institution of Mechanical Engineers, Part N: Journal of Nanoengineering and Nanosystems},
  year      = {2011},
  volume    = {225},
  number    = {3},
  pages     = {123--132},
  publisher = {SAGE Publications Sage UK: London, England},
}

@Article{Badruddin2012,
  author    = {Badruddin, Irfan Anjum and Ahmed, NJ Salman and Al-Rashed, Abdullah AAA and Kanesan, Jeevan and Kamangar, Sarfaraz and Khaleed, HMT},
  title     = {Analysis of heat and mass transfer in a vertical annular porous cylinder using FEM},
  journal   = {Transport in porous media},
  year      = {2012},
  volume    = {91},
  number    = {2},
  pages     = {697--715},
  publisher = {Springer},
}

@Article{Rashidi2015,
  author    = {Rashidi, S and Nouri-Borujerdi, A and Valipour, MS and Ellahi, R and Pop, I},
  title     = {Stress-jump and continuity interface conditions for a cylinder embedded in a porous medium},
  journal   = {Transport in Porous Media},
  year      = {2015},
  volume    = {107},
  number    = {1},
  pages     = {171--186},
  publisher = {Springer},
}

@Article{Yu2010,
  author    = {Yu, P and Zeng, Y and Lee, TS and Bai, HX and Low, HT},
  title     = {Wake structure for flow past and through a porous square cylinder},
  journal   = {International Journal of Heat and Fluid Flow},
  year      = {2010},
  volume    = {31},
  number    = {2},
  pages     = {141--153},
  publisher = {Elsevier},
}

@article{zdravkovich1997flow,
  title={Flow around circular cylinders; vol. i fundamentals},
  author={Zdravkovich, MM},
  journal={Journal of Fluid Mechanics},
  volume={350},
  number={1},
  pages={377--378},
  year={1997},
  publisher={Cambridge University Press}
}

@Book{Bear2013,
  title     = {Dynamics of fluids in porous media},
  publisher = {Courier Corporation},
  year      = {2013},
  author    = {Bear, Jacob},
}

@Article{Park1998,
author="Park, Jeongyoung
and Kwon, Kiyoung
and Choi, Haecheon",
title="Numerical solutions of flow past a circular cylinder at Reynolds numbers up to 160",
journal="KSME International Journal",
year="1998",
month="Nov",
day="01",
volume="12",
number="6",
pages="1200--1205",
abstract="Flow past a circular cylinder at Reynolds numbers up to 160 is simulated using high resolution calculations. Flow quantities at the cylinder surface are obtained and compared with those from the existing experimental and numerical studies. The present study reports the detailed information of flow quantities on the cylinder surface at low Reynolds numbers.",
issn="1738-494X",
doi="10.1007/BF02942594",
url="https://doi.org/10.1007/BF02942594"
}

@Article{ochoa1995momentum2,
  author    = {Ochoa-Tapia, J Alberto and Whitaker, Stephen},
  title     = {Momentum transfer at the boundary between a porous medium and a homogeneous fluid—II. Comparison with experiment},
  journal   = {International Journal of Heat and Mass Transfer},
  year      = {1995},
  volume    = {38},
  number    = {14},
  pages     = {2647--2655},
  publisher = {Elsevier},
}

@Article{ochoa1995momentum1,
  author    = {Ochoa-Tapia, J Alberto and Whitaker, Stephen},
  title     = {Momentum transfer at the boundary between a porous medium and a homogeneous fluid—I. Theoretical development},
  journal   = {International Journal of Heat and Mass Transfer},
  year      = {1995},
  volume    = {38},
  number    = {14},
  pages     = {2635--2646},
  publisher = {Elsevier},
}

@article{fransson2004flow,
  title={Flow around a porous cylinder subject to continuous suction or blowing},
  author={Fransson, Jens HM and Konieczny, P and Alfredsson, Per Henrik},
  journal={Journal of Fluids and Structures},
  volume={19},
  number={8},
  pages={1031--1048},
  year={2004},
  publisher={Academic Press}
}

@article{bhattacharyya2006fluid,
  title={Fluid motion around and through a porous cylinder},
  author={Bhattacharyya, S and Dhinakaran, S and Khalili, Arzhang},
  journal={Chemical Engineering Science},
  volume={61},
  number={13},
  pages={4451--4461},
  year={2006},
  publisher={Pergamon}
}

@article{noymer1998drag,
  title={Drag on a permeable cylinder in steady flow at moderate Reynolds numbers},
  author={Noymer, Peter D and Glicksman, Leon R and Devendran, Anand},
  journal={Chemical Engineering Science},
  volume={53},
  number={16},
  pages={2859--2869},
  year={1998},
  publisher={Pergamon}
}

@article{chen2008numerical,
  title={Numerical analysis for the flow past a porous square cylinder based on the stress-jump interfacial-conditions},
  author={Chen, Xiaobing and Yu, Peng and Winoto, SH and Low, Hong-Tong},
  journal={International Journal of Numerical Methods for Heat \& Fluid Flow},
  volume={18},
  number={5},
  pages={635--655},
  year={2008},
  publisher={Emerald Group Publishing Limited}
}

@article{jue2004numerical,
  title={Numerical analysis of vortex shedding behind a porous square cylinder},
  author={Jue, Tswen-Chyuan},
  journal={International Journal of Numerical Methods for Heat \& Fluid Flow},
  volume={14},
  number={5},
  pages={649--663},
  year={2004},
  publisher={Emerald Group Publishing Limited}
}

@article{bhattacharyya2004viscous,
  title={Viscous flow past a porous sphere with an impermeable core: effect of stress jump condition},
  author={Bhattacharyya, Anindita and Sekhar, GP Raja},
  journal={Chemical engineering science},
  volume={59},
  number={21},
  pages={4481--4492},
  year={2004},
  publisher={Pergamon}
}

@article{hsu2004re,
  title={A re-investigation of the low Reynolds number uniform flow past a porous spherical shell},
  author={Hsu, HJ and Huang, LH and Hsieh, PC},
  journal={International journal for numerical and analytical methods in geomechanics},
  volume={28},
  number={14},
  pages={1427--1439},
  year={2004},
  publisher={Wiley Online Library}
}

@article{nandakumar1982laminar,
  title={Laminar flow past a permeable sphere},
  author={Nandakumar, K and Masliyah, Jacob H},
  journal={The Canadian Journal of Chemical Engineering},
  volume={60},
  number={2},
  pages={202--211},
  year={1982},
  publisher={Wiley Online Library}
}

@article{masliyah1980terminal,
  title={Terminal velocity of porous spheres},
  author={Masliyah, Jacob H and Polikar, Marcel},
  journal={The Canadian Journal of Chemical Engineering},
  volume={58},
  number={3},
  pages={299--302},
  year={1980},
  publisher={Wiley Online Library}
}

@article{neale1973creeping,
  title={Creeping flow relative to permeable spheres},
  author={Neale, Graham and Epstein, Norman and Nader, Walter},
  journal={Chemical Engineering Science},
  volume={28},
  number={10},
  pages={1865--1874},
  year={1973},
  publisher={Elsevier}
}

@article{joseph1964effect,
  title={The effect of permeability on the slow motion of a porous sphere in a viscous liquid},
  author={Joseph, DD and Tao, LN},
  journal={ZAMM-Journal of Applied Mathematics and Mechanics/Zeitschrift f{\"u}r Angewandte Mathematik und Mechanik},
  volume={44},
  number={8-9},
  pages={361--364},
  year={1964},
  publisher={Wiley Online Library}
}

@Article{Wang2015,
  author        = {Wang, Liang and Wang, Lian-Ping and Guo, Zhaoli and Mi, Jianchun},
  title         = {Volume-averaged macroscopic equation for fluid flow in moving porous media},
  journal       = {International Journal of Heat and Mass Transfer},
  year          = {2015},
  volume        = {82},
  pages         = {357--368},
  __markedentry = {[user-lfh:]},
  publisher     = {Elsevier},
}

@Article{王亚玲2001圆柱绕流的三维数值模拟,
  author  = {王亚玲 and 刘应中 and 缪国平},
  title   = {圆柱绕流的三维数值模拟},
  journal = {上海交通大学学报},
  year    = {2001},
  volume  = {35},
  number  = {10},
  pages   = {1464--1469},
}

@PhdThesis{何鸿涛2009圆柱绕流及其控制的数值模拟研究,
  author = {何鸿涛},
  title  = {圆柱绕流及其控制的数值模拟研究},
  school = {北京: 北京交通大学},
  year   = {2009},
}

@Article{Roshko1953,
  author  = {Roshko, Anatol},
  title   = {On the drag and shedding frequency of two-dimensional bluff bodies},
  journal = {National Advisory Committee for Aeronautics},
  year    = {1953},
}

@Comment{jabref-meta: databaseType:bibtex;}
